@Unpublishedl{crowdai_01,
  title ={CrowdAI},
  url = {https://www.crowdai.org/challenges/epfl-ml-text-classification/leaderboards
},
}

@Unpublishedl{embeddings_01,
  title ={Wikipedia-Embeddings},
  url = {https://en.wikipedia.org/wiki/Word_embedding},
}


@Unpublishedl{embeddings_02,
  title ={Standford-GloveEmbeddings},
  url = {https://nlp.stanford.edu/projects/glove/},
}

@Unpublished{nltk01,
  title ={NLTK Library},
  url = {https://www.nltk.org/},

}

@Unpublished{Textblob01,
  title ={Textblob Library},
  url = {https://textblob.readthedocs.io/en/dev/#},

}

@Unpublishedl{pyTorch,
  title ={torch.nn - PyTorch master documentation},
  url = {https://pytorch.org/docs/stable/nn.html},
}

@misc{budhiraja_2016, title={Learning Less to Learn Better - Dropout in (Deep) Machine learning}, journal={medium.com}, publisher={medium}, author={Budhiraja, Amar}, year={2016}, month={Dec}} 

@misc{nielsen_a._1970, title={Neural Networks and Deep Learning}, url={http://neuralnetworksanddeeplearning.com/chap3.html}, journal={Neural networks and deep learning}, publisher={Determination Press}, author={Nielsen and A., Michael}, year={1970}, month={Jan}} 

@misc{bentrevett, title={bentrevett/pytorch-sentiment-analysis}, url={https://github.com/bentrevett/pytorch-sentiment-analysis/blob/master/4 - Convolutional Sentiment Analysis.ipynb}, journal={GitHub}, author={Bentrevett}} 

@misc{crowdai, title={crowdAI}, url={https://www.crowdai.org/}, journal={crowdAI}} 

@misc{britz_2016, title={Understanding Convolutional Neural Networks for NLP}, url={http://www.wildml.com/2015/11/understanding-convolutional-neural-networks-for-nlp/}, journal={WildML}, author={Britz, Denny}, year={2016}, month={Jan}} 